@book{arora2009computational,
  title={Computational complexity: a modern approach},
  author={Arora, Sanjeev and Barak, Boaz},
  year={2009},
  publisher={Cambridge University Press}
}

@misc{chandrasekaran2019deterministicalgorithmslovaszlocal,
      title={Deterministic Algorithms for the Lovasz Local Lemma}, 
      author={Karthekeyan Chandrasekaran and Navin Goyal and Bernhard Haeupler},
      year={2019},
      eprint={0908.0375},
      archivePrefix={arXiv},
      primaryClass={cs.DS},
      url={https://arxiv.org/abs/0908.0375}, 
}

@misc{zeng2024structureefxorientationsgraphs,
      title={On the structure of EFX orientations on graphs}, 
      author={Jinghan A Zeng and Ruta Mehta},
      year={2024},
      eprint={2404.13527},
      archivePrefix={arXiv},
      primaryClass={cs.GT},
      url={https://arxiv.org/abs/2404.13527}, 
}