@book{arora2009computational,
  title={Computational complexity: a modern approach},
  author={Arora, Sanjeev and Barak, Boaz},
  year={2009},
  publisher={Cambridge University Press}
}

@misc{bukh2021axisparallelboxes,
      title={Empty axis-parallel boxes}, 
      author={Boris Bukh and Ting-Wei Chao},
      year={2021},
      eprint={2009.05820},
      archivePrefix={arXiv},
      primaryClass={math.CO},
      url={https://arxiv.org/abs/2009.05820}, 
}

@misc{bukh2022digitalnets,
      title={Digital almost nets}, 
      author={Boris Bukh and Ting-Wei Chao},
      year={2022},
      eprint={2102.12872},
      archivePrefix={arXiv},
      primaryClass={math.CO},
      url={https://arxiv.org/abs/2102.12872}, 
}

@inproceedings{dickerson2014price,
  title={Price of fairness in kidney exchange.},
  author={Dickerson, John P and Procaccia, Ariel D and Sandholm, Tuomas},
  booktitle={AAMAS},
  pages={1013--1020},
  year={2014}
}