@book{arora2009computational,
  title={Computational complexity: a modern approach},
  author={Arora, Sanjeev and Barak, Boaz},
  year={2009},
  publisher={Cambridge University Press}
}

@INPROCEEDINGS{6108225,
  author={Bhattacharyya, Arnab and Dvir, Zeev and Shpilka, Amir and Saraf, Shubhangi},
  booktitle={2011 IEEE 52nd Annual Symposium on Foundations of Computer Science}, 
  title={Tight Lower Bounds for 2-query LCCs over Finite Fields}, 
  year={2011},
  volume={},
  number={},
  pages={638-647},
  keywords={Vectors;Additives;Computer science;Geometry;Error correction codes;Decoding;Galois fields;locally decodable codes;Sylvester-Gallai theorem;additive combinatorics},
  doi={10.1109/FOCS.2011.28}}
