@article {AlonShikhelman2016,
    AUTHOR = {Alon, Noga and Shikhelman, Clara},
     TITLE = {Many {$T$} copies in {$H$}-free graphs},
   JOURNAL = {J. Combin. Theory Ser. B},
  FJOURNAL = {Journal of Combinatorial Theory. Series B},
    VOLUME = {121},
      YEAR = {2016},
     PAGES = {146--172},
      ISSN = {0095-8956,1096-0902},
   MRCLASS = {05C35},
  MRNUMBER = {3548290},
MRREVIEWER = {Jan\ Hladk\'y},
       DOI = {10.1016/j.jctb.2016.03.004},
       URL = {https://doi.org/10.1016/j.jctb.2016.03.004},
}

@article {ConlonFerber2021,
    AUTHOR = {Conlon, David and Ferber, Asaf},
     TITLE = {Lower bounds for multicolor {R}amsey numbers},
   JOURNAL = {Adv. Math.},
  FJOURNAL = {Advances in Mathematics},
    VOLUME = {378},
      YEAR = {2021},
     PAGES = {Paper No. 107528, 5},
      ISSN = {0001-8708,1090-2082},
   MRCLASS = {05C55},
  MRNUMBER = {4186575},
MRREVIEWER = {N.\ Hindman},
       DOI = {10.1016/j.aim.2020.107528},
       URL = {https://doi.org/10.1016/j.aim.2020.107528},
}

@inproceedings {Erdos1977,
    AUTHOR = {Erd{\H{o}}s, P.},
     TITLE = {Problems and results in combinatorial analysis},
 BOOKTITLE = {Proceedings of the {E}ighth {S}outheastern {C}onference on
              {C}ombinatorics, {G}raph {T}heory and {C}omputing ({L}ouisiana
              {S}tate {U}niv., {B}aton {R}ouge, {L}a., 1977)},
    SERIES = {Congress. Numer.},
    VOLUME = {No. XIX},
     PAGES = {3--12},
 PUBLISHER = {Utilitas Math., Winnipeg, MB},
      YEAR = {1977},
      ISBN = {0-919628-19-2},
   MRCLASS = {05AXX (05C99)},
  MRNUMBER = {542437},
MRREVIEWER = {Arthur\ M.\ Hobbs},
}


@article {ErdosSimonovits1966,
	AUTHOR = {Erd{\H{o}}s, P. and Simonovits, M.},
	TITLE = {A limit theorem in graph theory},
	JOURNAL = {Studia Sci. Math. Hungar},
	FJOURNAL = {Studia Scientiarum Mathematicarum Hungarica. A Quarterly of
	the Hungarian Academy of Sciences},
	VOLUME = {1},
	YEAR = {1966},
	PAGES = {51--57},
	ISSN = {0081-6906},
	MRCLASS = {05.40},
	MRNUMBER = {0205876},
	MRREVIEWER = {W. Moser},
}

@article {ErdosSimonovits1983,
    AUTHOR = {Erd{\H{o}}s, Paul and Simonovits, Mikl\'os},
     TITLE = {Supersaturated graphs and hypergraphs},
   JOURNAL = {Combinatorica},
  FJOURNAL = {Combinatorica. An International Journal of the J\'anos Bolyai
              Mathematical Society},
    VOLUME = {3},
      YEAR = {1983},
    NUMBER = {2},
     PAGES = {181--192},
      ISSN = {0209-9683},
   MRCLASS = {05C55 (05C65)},
  MRNUMBER = {726456},
MRREVIEWER = {E.\ Rodney\ Canfield},
       DOI = {10.1007/BF02579292},
       URL = {https://doi.org/10.1007/BF02579292},
}


@article {ErdosStone1946,
	AUTHOR = {Erd{{\H{o}}}s, P. and Stone, A. H.},
	TITLE = {On the structure of linear graphs},
	JOURNAL = {Bull. Amer. Math. Soc.},
	FJOURNAL = {Bulletin of the American Mathematical Society},
	VOLUME = {52},
	YEAR = {1946},
	PAGES = {1087--1091},
	ISSN = {0002-9904},
	MRCLASS = {56.0X},
	MRNUMBER = {0018807},
	MRREVIEWER = {H. S. M. Coxeter},
	DOI = {10.1090/S0002-9904-1946-08715-7},
	URL = {https://doi.org/10.1090/S0002-9904-1946-08715-7},
}

@article {Furedi1984,
    AUTHOR = {F\"uredi, Z.},
     TITLE = {Hypergraphs in which all disjoint pairs have distinct unions},
   JOURNAL = {Combinatorica},
  FJOURNAL = {Combinatorica. An International Journal of the J\'anos Bolyai
              Mathematical Society},
    VOLUME = {4},
      YEAR = {1984},
    NUMBER = {2-3},
     PAGES = {161--168},
      ISSN = {0209-9683},
   MRCLASS = {05A05 (05C35)},
  MRNUMBER = {771723},
MRREVIEWER = {Noga\ Alon},
       DOI = {10.1007/BF02579216},
       URL = {https://doi.org/10.1007/BF02579216},
}


@incollection {FurediSimonovits2013,
	AUTHOR = {F{\"{u}}redi, Zolt{\'{a}}n and Simonovits, Mikl{\'{o}}s},
	TITLE = {The history of degenerate (bipartite) extremal graph problems},
	BOOKTITLE = {Erd{{\H{o}}}s centennial},
	SERIES = {Bolyai Soc. Math. Stud.},
	VOLUME = {25},
	PAGES = {169--264},
	PUBLISHER = {J\'{a}nos Bolyai Math. Soc., Budapest},
	YEAR = {2013},
	MRCLASS = {05-02 (01A70)},
	MRNUMBER = {3203598},
	MRREVIEWER = {Felix Lazebnik},
	DOI = {10.1007/978-3-642-39286-3_7},
	URL = {https://doi.org/10.1007/978-3-642-39286-3_7},
}



@article {KostochkaMubayiV2015,
    AUTHOR = {Kostochka, Alexandr and Mubayi, Dhruv and Verstra\"ete,
              Jacques},
     TITLE = {Tur\'an problems and shadows {III}: expansions of graphs},
   JOURNAL = {SIAM J. Discrete Math.},
  FJOURNAL = {SIAM Journal on Discrete Mathematics},
    VOLUME = {29},
      YEAR = {2015},
    NUMBER = {2},
     PAGES = {868--876},
      ISSN = {0895-4801,1095-7146},
   MRCLASS = {05C35 (05C65 05D05)},
  MRNUMBER = {3341129},
MRREVIEWER = {Tuan\ Tran},
       DOI = {10.1137/140977138},
       URL = {https://doi.org/10.1137/140977138},
}

@article {KovariSosTuran1954,
	AUTHOR = {K{{{\H{o}}}}vari, T. and S{\'{o}}s, V. T. and Tur{\'{a}}n, P.},
	TITLE = {On a problem of {K}. {Z}arankiewicz},
	JOURNAL = {Colloquium Math.},
	VOLUME = {3},
	YEAR = {1954},
	PAGES = {50--57},
	MRCLASS = {27.2X},
	MRNUMBER = {0065617},
	MRREVIEWER = {J. Riguet},
	DOI = {10.4064/cm-3-1-50-57},
	URL = {https://doi.org/10.4064/cm-3-1-50-57},
}

@article {Lefmann1987,
    AUTHOR = {Lefmann, H.},
     TITLE = {A note on {R}amsey numbers},
   JOURNAL = {Studia Sci. Math. Hungar.},
  FJOURNAL = {Studia Scientiarum Mathematicarum Hungarica. Combinatorics,
              Geometry and Topology (CoGeTo)},
    VOLUME = {22},
      YEAR = {1987},
    NUMBER = {1-4},
     PAGES = {445--446},
      ISSN = {0081-6906,1588-2896},
   MRCLASS = {05C55},
  MRNUMBER = {932230},
MRREVIEWER = {Michael\ Jacobson},
}


@article {MubayiMukherjee2023,
    AUTHOR = {Mubayi, Dhruv and Mukherjee, Sayan},
     TITLE = {Triangles in graphs without bipartite suspensions},
   JOURNAL = {Discrete Math.},
  FJOURNAL = {Discrete Mathematics},
    VOLUME = {346},
      YEAR = {2023},
    NUMBER = {6},
     PAGES = {Paper No. 113355, 19},
      ISSN = {0012-365X,1872-681X},
   MRCLASS = {05C35 (05C75)},
  MRNUMBER = {4546048},
MRREVIEWER = {Nikolaos\ Fountoulakis},
       DOI = {10.1016/j.disc.2023.113355},
       URL = {https://doi.org/10.1016/j.disc.2023.113355},
}

@article {MubayiV2004,
    AUTHOR = {Mubayi, Dhruv and Verstra\"ete, Jacques},
     TITLE = {A hypergraph extension of the bipartite {T}ur\'an problem},
   JOURNAL = {J. Combin. Theory Ser. A},
  FJOURNAL = {Journal of Combinatorial Theory. Series A},
    VOLUME = {106},
      YEAR = {2004},
    NUMBER = {2},
     PAGES = {237--253},
      ISSN = {0097-3165,1096-0899},
   MRCLASS = {05C35 (05B07 05C65)},
  MRNUMBER = {2021684},
MRREVIEWER = {Konrad\ Engel},
       DOI = {10.1016/j.jcta.2004.02.002},
       URL = {https://doi.org/10.1016/j.jcta.2004.02.002},
}

@incollection {MubayiV2016,
    AUTHOR = {Mubayi, Dhruv and Verstra\"ete, Jacques},
     TITLE = {A survey of {T}ur\'an problems for expansions},
 BOOKTITLE = {Recent trends in combinatorics},
    SERIES = {IMA Vol. Math. Appl.},
    VOLUME = {159},
     PAGES = {117--143},
 PUBLISHER = {Springer, [Cham]},
      YEAR = {2016},
      ISBN = {978-3-319-24296-5; 978-3-319-24298-9},
   MRCLASS = {05-02 (05C35 05C65 05D05 05D40)},
  MRNUMBER = {3526406},
       DOI = {10.1007/978-3-319-24298-9\_5},
       URL = {https://doi.org/10.1007/978-3-319-24298-9_5},
}


@incollection {RuzsaSzemeredi1978,
	AUTHOR = {Ruzsa, I. Z. and Szemer{\'{e}}di, E.},
	TITLE = {Triple systems with no six points carrying three triangles},
	BOOKTITLE = {Combinatorics (Proc. Fifth Hungarian Colloq.,
	Keszthely, 1976), Vol. {II}},
	SERIES = {Colloq. Math. Soc. J{\'{a}}nos Bolyai},
	VOLUME = {18},
	PAGES = {939--945},
	PUBLISHER = {North-Holland, Amsterdam-New York},
	YEAR = {1978},
	MRCLASS = {05C99 (05B30)},
	MRNUMBER = {519318},
	MRREVIEWER = {W. G. Brown},
}

@article {PikhurkoV2009,
    AUTHOR = {Pikhurko, Oleg and Verstra\"ete, Jacques},
     TITLE = {The maximum size of hypergraphs without generalized 4-cycles},
   JOURNAL = {J. Combin. Theory Ser. A},
  FJOURNAL = {Journal of Combinatorial Theory. Series A},
    VOLUME = {116},
      YEAR = {2009},
    NUMBER = {3},
     PAGES = {637--649},
      ISSN = {0097-3165,1096-0899},
   MRCLASS = {05D05 (05C35 05C65)},
  MRNUMBER = {2500162},
MRREVIEWER = {John\ Mark\ Talbot},
       DOI = {10.1016/j.jcta.2008.09.002},
       URL = {https://doi.org/10.1016/j.jcta.2008.09.002},
}


@incollection {Simonovits1984,
	AUTHOR = {Simonovits, Mikl\'{o}s},
	TITLE = {Extremal graph problems, degenerate extremal problems, and
	supersaturated graphs},
	BOOKTITLE = {Progress in graph theory ({W}aterloo, {O}nt., 1982)},
	PAGES = {419--437},
	PUBLISHER = {Academic Press, Toronto, ON},
	YEAR = {1984},
	MRCLASS = {05C35},
	MRNUMBER = {776819},
	MRREVIEWER = {Lane Clark},
}


@article {Sidorenko1993,
	AUTHOR = {Sidorenko, Alexander},
	TITLE = {A correlation inequality for bipartite graphs},
	JOURNAL = {Graphs Combin.},
	FJOURNAL = {Graphs and Combinatorics},
	VOLUME = {9},
	YEAR = {1993},
	NUMBER = {2},
	PAGES = {201--204},
	ISSN = {0911-0119},
	MRCLASS = {05C80},
	MRNUMBER = {1225933},
	DOI = {10.1007/BF02988307},
	URL = {https://doi.org/10.1007/BF02988307},
}

@incollection {Szemeredi1978,
	AUTHOR = {Szemer{\'{e}}di, Endre},
	TITLE = {Regular partitions of graphs},
	BOOKTITLE = {Probl{\`e}mes combinatoires et th{\'{e}}orie des graphes (Colloq.
	Internat. {CNRS}, Univ. Orsay, Orsay, 1976)},
	SERIES = {Colloq. Internat. CNRS},
	VOLUME = {260},
	PAGES = {399--401},
	PUBLISHER = {CNRS, Paris},
	YEAR = {1978},
	MRCLASS = {05C35 (10L10)},
	MRNUMBER = {540024},
	MRREVIEWER = {D. A. Klarner},
}

@article {Turan1941,
	AUTHOR = {Tur{\'{a}}n, Paul},
	TITLE = {Eine {E}xtremalaufgabe aus der {G}raphentheorie},
	JOURNAL = {Mat. Fiz. Lapok},
	VOLUME = {48},
	YEAR = {1941},
	PAGES = {436--452},
	MRCLASS = {56.0X},
	MRNUMBER = {0018405},
	MRREVIEWER = {P. Erd{\H{o}}s},
}

@article{Erdos1964,
  author  = {Erd≈ës, P.},
  title   = {On extremal problems of graphs and generalized graphs},
  journal = {Israel Journal of Mathematics},
  year    = {1964},
  volume  = {2},
  number  = {3},
  pages   = {183--190},
  doi     = {10.1007/BF02759942},
  url     = {https://doi.org/10.1007/BF02759942}
}